{
	"orders": [{
		"symbol": "META",
		"price": "198.84",
		"quantity": "2.711828605",
		"date": "2023-03-16T18:22:14.786317Z",
		"side": "buy"
	}, {
		"symbol": "DNUT",
		"price": "14.38",
		"quantity": "3301.504985754",
		"date": "2023-03-16T18:22:14.697502Z",
		"side": "sell"
	}, {
		"symbol": "DNUT",
		"price": "14.04",
		"quantity": "3301.504985754",
		"date": "2023-03-14T18:03:57.238477Z",
		"side": "buy"
	}, {
		"symbol": "SIVB",
		"price": "39.25",
		"quantity": "1194.76954341",
		"date": "2023-03-14T18:03:57.080061Z",
		"side": "sell"
	}, {
		"symbol": "SIVB",
		"price": "39.49",
		"quantity": "1194.76954341",
		"date": "2023-03-10T20:38:25.88004Z",
		"side": "buy"
	}, {
		"symbol": "AAPL",
		"price": "152.75",
		"quantity": "119.871354833",
		"date": "2023-03-08T17:17:17.304941Z",
		"side": "sell"
	}, {
		"symbol": "AAPL",
		"price": "152.74",
		"quantity": "119.871354833",
		"date": "2023-03-08T17:17:11.205809Z",
		"side": "buy"
	}, {
		"symbol": "FLT",
		"price": "208.18",
		"quantity": "151.84697304",
		"date": "2023-03-08T17:17:10.425889Z",
		"side": "sell"
	}, {
		"symbol": "FLT",
		"price": "208.46",
		"quantity": "151.84697304",
		"date": "2023-03-08T17:16:00.627852Z",
		"side": "buy"
	}, {
		"symbol": "TSLA",
		"price": "194.38",
		"quantity": "261.125827974",
		"date": "2023-03-06T18:28:19.777649Z",
		"side": "buy"
	}, {
		"symbol": "AAPL",
		"price": "155.15",
		"quantity": "276.380174821",
		"date": "2023-03-06T18:28:18.784191Z",
		"side": "sell"
	}, {
		"symbol": "AAPL",
		"price": "155.07",
		"quantity": "276.380174821",
		"date": "2023-03-06T18:28:06.54838Z",
		"side": "buy"
	}, {
		"symbol": "TSLA",
		"price": "194.173311",
		"quantity": "40.568161919",
		"date": "2023-03-06T18:28:06.787912Z",
		"side": "sell"
	}, {
		"symbol": "TSLA",
		"price": "194.17",
		"quantity": "40.568161919",
		"date": "2023-03-06T18:27:55.671929Z",
		"side": "buy"
	}, {
		"symbol": "NVDA",
		"price": "238.12",
		"quantity": "179.986031032",
		"date": "2023-03-06T18:27:55.198261Z",
		"side": "sell"
	}, {
		"symbol": "TSLA",
		"price": "189.171327",
		"quantity": "264.007021354",
		"date": "2023-03-02T17:46:47.543871Z",
		"side": "buy"
	}, {
		"symbol": "AAPL",
		"price": "144.25",
		"quantity": "346.222243304",
		"date": "2023-03-02T17:45:52.504688Z",
		"side": "sell"
	}, {
		"symbol": "AAPL",
		"price": "144.31",
		"quantity": "346.222243304",
		"date": "2023-03-02T17:44:20.259983Z",
		"side": "buy"
	}, {
		"symbol": "TSLA",
		"price": "189.482407",
		"quantity": "5.267974414",
		"date": "2023-03-02T17:44:15.273436Z",
		"side": "sell"
	}, {
		"symbol": "AAPL",
		"price": "144.43",
		"quantity": "6.922810661",
		"date": "2023-03-02T17:37:29.544891Z",
		"side": "sell"
	}, {
		"symbol": "AAPL",
		"price": "144.45",
		"quantity": "6.922810661",
		"date": "2023-03-02T17:37:12.756387Z",
		"side": "buy"
	}, {
		"symbol": "AAPL",
		"price": "144.44",
		"quantity": "1",
		"date": "2023-03-02T17:37:12.176711Z",
		"side": "sell"
	}, {
		"symbol": "AAPL",
		"price": "144.43",
		"quantity": "1",
		"date": "2023-03-02T17:36:56.047726Z",
		"side": "buy"
	}],
	"positions": [{
		"symbol": "NVDA",
		"price": "314.058",
		"quantity": "106"
	}],
	"history": {
		"timestamp": [1677718800, 1677805200, 1677891600, 1678150800, 1678237200, 1678323600, 1678410000, 1678496400, 1678752000, 1678838400, 1678924800, 1679011200, 1679097600, 1679356800, 1679443200, 1679529600, 1679616000, 1679702400, 1679961600, 1680048000, 1680134400, 1680220800, 1680307200, 1680566400, 1680652800, 1680739200, 1680825600, 1681171200, 1681257600, 1681344000, 1681430400, 1681516800, 1681776000, 1681862400, 1681948800, 1682035200, 1682121600, 1682380800, 1682467200, 1682553600, 1682640000, 1682726400, 1682985600, 1683072000, 1683158400, 1683244800, 1683331200, 1683590400, 1683676800, 1683763200, 1683849600, 1683936000, 1684195200, 1684281600, 1684368000, 1684427627],
		"equity": [50000, 50096.02055816911, 50875.7828135448, 50606.57671964094, 48807.80246208896, 50023.500240132, 48180.61083028724, 47036.9569240517, 47036.9569240517, 47156.47039884648, 47915.8165455699, 48682.39714207145, 49029.23737362625, 49359.112593855, 49922.72797013155, 50429.7933086546, 51119.6546761822, 51940.71636505396, 52013.43059277748, 52158.8762156992, 53530.9202788038, 54562.7748033478, 55699.4270530408, 56150.8634075288, 55904.185685255, 55194.785699631, 54707.8793458618, 54653.0620742454, 54914.3720995886, 53552.041640053, 53487.3612621522, 54083.6334959252, 54576.8213774188, 55920.9604806698, 56368.22817177992, 56757.26039641185, 57216.07418600018, 57397.50625488682, 56268.78944171705, 56024.55396436965, 56844.48735260735, 57556.25931516263, 56542.68208417092, 55396.51987976205, 55701.8142264463, 55960.00601678498, 56141.97046050594, 56119.328124087, 55559.73895259034, 56137.11853127331, 56200.1936112975, 55799.73901097733, 55749.24828544283, 55749.24828544283, 55749.24828544283, 55983.38562290153],
		"profit_loss": [0, 103.57993154041851, 780.8316412287618, -266.80143509087105, -1797.6447944444003, 1218.4304949666055, -1841.0704690538712, -1142.53390620594, 0, 120.74805365112, 759.34614672342, 768.08500489212, 346.8402315548, 329.87522022875, 563.61537627655, 507.06533852305, 691.07136755381, 821.06168887176, 74.04324462542, 146.81562319594, 1372.0440631046, 1031.854524544, 1136.652249693, 451.436354488, -246.6777222738, -709.399985624, -486.9063537692, -54.8172716164, 262.6000255716, -1362.3304595356, -64.6803779008, 596.272233773, 493.1878814936, 1344.139103251, 448.58769137067, 389.03222463193, 458.81378958833, 181.43206888664, -1128.71681316977, -244.2354773474, 819.9333882377, 711.77196255528, -1013.57723099171, -1146.16220440887, 305.29434668425, 258.19179033868, 183.28439583498, -22.64233641894, -559.58917149666, 577.37957868297, 63.07508002419, -321.50768126628, -50.4907255345, 0, 0, 171.52883779592],
		"profit_loss_pct": [0, 0.0020715986308084, 0.017690587969074956, 0.012353641895071096, -0.02360714368762966, 0.0007673778270934176, -0.03606497610386531, -0.05892330913870622, -0.05892330913870622, -0.05650748153868911, -0.04131471154771251, -0.025947097103104694, -0.01900740731335477, -0.012407158872016535, -0.0011301629636729488, 0.00901536178329845, 0.022842537748160422, 0.03927099030350738, 0.04075250618454206, 0.043690184511982276, 0.07114455134799934, 0.09179178375111435, 0.11453600069517073, 0.12356916487153356, 0.11863318587516382, 0.10443821359802219, 0.09469530080780232, 0.09359841658638687, 0.09885299814616329, 0.07159235848680993, 0.0702980847937842, 0.08222967040136467, 0.09209850731068549, 0.11899513249387542, 0.12797150626903542, 0.13575633965191192, 0.14493755570436267, 0.14856815064525578, 0.1259816609648921, 0.12109432162138216, 0.13750181798887975, 0.15174492121853725, 0.13146246294297115, 0.1085268775952139, 0.11463605177460125, 0.11980266765202603, 0.1234703290767485, 0.12301722789524387, 0.11181915583805814, 0.1233732359664261, 0.12463544640061758, 0.1182016796925711, 0.11718986825577447, 0.11718986825577447, 0.11718986825577447, 0.0030733404634137804],
		"base_value": 50000,
		"timeframe": "1D"
	}
}